<record><leader>00000cas a22000007a 4500</leader><controlfield tag="001">40988329</controlfield><controlfield tag="008">990317c195u9999sduwr ne      0    0eng d</controlfield><datafield ind1=" " ind2=" " tag="010"><subfield code="a">sn 99062846 </subfield></datafield><datafield ind1=" " ind2=" " tag="040"><subfield code="a">SXN</subfield><subfield code="b">eng</subfield><subfield code="c">SXN</subfield><subfield code="d">OCLCQ</subfield><subfield code="d">OCLCF</subfield><subfield code="d">OCLCO</subfield></datafield><datafield ind1="1" ind2=" " tag="029"><subfield code="a">AU@</subfield><subfield code="b">000020041730</subfield></datafield><datafield ind1=" " ind2=" " tag="042"><subfield code="a">msc</subfield></datafield><datafield ind1=" " ind2=" " tag="043"><subfield code="a">n-us-sd</subfield></datafield><datafield ind1="0" ind2=" " tag="130"><subfield code="a">Artesian commonwealth (Artesian, S.D. : 1952)</subfield></datafield><datafield ind1="1" ind2="4" tag="245"><subfield code="a">The Artesian commonwealth.</subfield></datafield><datafield ind1=" " ind2=" " tag="260"><subfield code="a">Woonsocket, S.D. :</subfield><subfield code="b">Oliver F. Freed</subfield></datafield><datafield ind1=" " ind2=" " tag="300"><subfield code="a">v.</subfield></datafield><datafield ind1=" " ind2=" " tag="310"><subfield code="a">Weekly</subfield></datafield><datafield ind1=" " ind2=" " tag="530"><subfield code="a">Available on microfilm from: State Archives, South Dakota State Historical Society.</subfield></datafield><datafield ind1=" " ind2=" " tag="580"><subfield code="a">Has different masthead but same content as: Woonsocket news.</subfield></datafield><datafield ind1=" " ind2=" " tag="588"><subfield code="a">Description based on: Vol. 51, no. 27 (July 3, 1952).</subfield></datafield><datafield ind1=" " ind2="0" tag="651"><subfield code="a">Artesian (S.D.)</subfield><subfield code="v">Newspapers.</subfield></datafield><datafield ind1=" " ind2="0" tag="651"><subfield code="a">Woonsocket (S.D.)</subfield><subfield code="v">Newspapers.</subfield></datafield><datafield ind1=" " ind2="0" tag="651"><subfield code="a">Sanborn County (S.D.)</subfield><subfield code="v">Newspapers.</subfield></datafield><datafield ind1=" " ind2="7" tag="655"><subfield code="a">Newspapers.</subfield><subfield code="2">fast</subfield><subfield code="0">(OCoLC)fst01423814</subfield></datafield><datafield ind1=" " ind2="7" tag="651"><subfield code="a">South Dakota</subfield><subfield code="z">Artesian.</subfield><subfield code="2">fast</subfield><subfield code="0">(OCoLC)fst01288138</subfield></datafield><datafield ind1=" " ind2="7" tag="651"><subfield code="a">South Dakota</subfield><subfield code="z">Sanborn County.</subfield><subfield code="2">fast</subfield><subfield code="0">(OCoLC)fst01214158</subfield></datafield><datafield ind1=" " ind2="7" tag="651"><subfield code="a">South Dakota</subfield><subfield code="z">Woonsocket.</subfield><subfield code="2">fast</subfield><subfield code="0">(OCoLC)fst01227974</subfield></datafield><datafield ind1=" " ind2=" " tag="752"><subfield code="a">United States</subfield><subfield code="b">South Dakota</subfield><subfield code="c">Sanborn</subfield><subfield code="d">Woonsocket.</subfield></datafield><datafield ind1="1" ind2=" " tag="775"><subfield code="t">Woonsocket news</subfield><subfield code="w">(DLC)sn 99062832</subfield></datafield><datafield ind1="0" ind2="0" tag="780"><subfield code="t">Commonwealth (Artesian, S.D. : 1948)</subfield><subfield code="w">(DLC)sn 99062845</subfield></datafield></record>